:20:6450374100
:25:RO56BRDE360SV52474653600
:28:00138/1
:60F:C160517EUR3885,24
:61:1605170517D210,60NTRFOPH478
PLATA FACT 4603309
:86:000+20Plata           +30302410000+31RO89RZBR0000060003480121
+32RUSSMEDIA PRESS SRL+33/
+23PLATA FACT 4603309
:61:1605170517D2,76NCOMOPH478
25-Comision MULTIX
:86:000+20Comision
+2325-Comision MULTIX
:62F:C160517EUR3671,88
:64:C160517EUR3671,88
:86:Credit neutilizat la 17/05/2016: 0,00 \
Sume blocate la 17/05/2016: 0,00


{4:
:20:213RONCRT0221220301
:25:RO69BTRLRONCRT0221220301
:28C:00001/00001
:60F:C180209RON3249,25

:61:1802090209C1862,43NTRF09MS079400021700
:86:/ROC/TVA F. 2018/000103/ 01.02.2018 . ./RFB/IBBK01 VOX CARRIER S
RL RO48INGBTVA1008209218080 16582118 INGBROBU
Incasare OP

:61:1802090209C9802,27NTRF09MS079400021900
:86:/ROC/CV. F. 2018/000103/ 01.02.2018 . ./RFB/IBBK01 VOX CARRIER S
RL RO85INGB0001008209218910 16582118 INGBROBU
Incasare OP

:61:1802090209C325,12NFEX114990439
:86:ADA VOICE SRL RO23BTRLUSDCRT0221220301 CURS DE SCHIMB
Schimb valutar - canal electronic

:61:1802090209D0,51NCHG213EPOH180400185
:86:Comision plata OP - canal electronic

:61:1802090209D15000,00NTRF213EPOH180400185
:86:partiala cont bt 1 UPC ROMANIA SRL RO78BACX0000000443008001 58 32
020103 BACXROBU
Plata OP - canal electronic

:61:1802090209D15,00FMSC213ZBTR180407BKZ
:86:TRANSFER SOLD
:62F:C180209RON223,56
:64:C180209RON223,56
}
