:20:304210011
:25: RO40RZBR0000060001111111
:28C:108/1
:NS:22ORDERING PARTY SA
:23Cont curent Pachet Bronze RON
:60F:C120618RON15564,52
:61:1206180618C1179,87NMSC11808959//3A2J52A6FSLSUBU
:86:000^20F.2059628^24Ref.Doc 2268/OPMC^30RAIFFEIS
EN BANK S.A.^31RO05RZBR0000060003144073^32QUEHENBE
RGER LOGISTICS ROU
:61:1206180618D654,96NTRFNONREF//3A2J52A6FSLSUC4
:86:000^20CV FP1046689^24Ref.Doc 18061/OPH^30BRD-G
ROUPE SOCIETE GENERALE S.A.^31RO38BRDE450SV8837600
4500^32DANTE INTERNATIONAL SA
:61:1206180618D5,70NCOMNONREF//3A2J52A6FSLSUCE
:86:000^20comision interbancar mica^21 valoare CB
:62F:C120618RON16083,73
:64:C120618RON16083,73
