 {1:F02BUCUROBUAXXX0833510237}{2:I940            U3003}{4:
:20:20221025000
:25:RO87BUCU1052235283028RON
:28:115/01
:60F:C221025RON1000,00
:61:2210251025C1000,00NTRF4782521602//248OPAA222980004
:86:Incasare intrabancara PLATITOR  T
est Partener Alpha BUCUROBU RO39BUCU2481304266464RON
DETALII INCASARE  FN CVAL CTR NR E000408.20.06.2022
  384329685 0
:62F:C221025RON2000,00
-}
 {1:F02BUCUROBUAXXX0833510237}{2:I940            U3003}{4:
:20:20221027000
:25:RO87BUCU1052235283028RON
:28:116/01
:60F:C221027RON2000,00
:61:2211011101C1000,00NTRF4791514765//001INLC223053363
:86:Incasare interbancara mica valoar
e PLATITOR  NEXTERP ROMANIA SRL RO88BTRLRONCRT0301398801 BTRLRO22 D
ETALII INCASARE  .ROC.rata SIS..RFB.22 NOTPROVIDED   END TO END I
D  NOTPROVIDED CUST REFERENCE   032EPOH223040543
:61:2211011101D2,00NCOM4791644079//220CHDP223050105
:86:Comision depunere numerar Cash De
posit
:62F:C221101RON2998,00
-}
