:20:STMT20200211
:25:INGBROBU/9904621843
:28C:00015/00001
:60F:C200211RON40265,83
:61:200211CN2377,17NTRFNONREF//RE20200211-7523
:86:035~20AMT RCD RON 2377,17        ~21                           ~
22                           ~32IG WATTEEUW ROMANIA SRL    ~33RO2
5INGB0014000031948911   ~23                           ~24
                   ~25CVF 2020/0060 . 344944869  ~26
              ~27                           ~28
         ~29                           ~60     ~61              ~
:62F:C200211RON42643,00
:64:C200211RON42643,00
:86:NAME ACCOUNT OWNER: ROM DEVICES SRL
ACCOUNT DESCRIPTION: CONT CURENT
IBAN NO: RO19INGB0000999904621843
