:20:STMT20200211
:25:INGBROBU/9904621843
:28C:00015/00001
:60F:C200211RON1000,00
:61:200211CN1000,00NTRFNONREF//RE20200211-7523
:86:035~20AMT RCD RON 1000,00        ~21                           ~
22                           ~32NEXTERP ROMANIA SRL    ~33RO2
5INGB0014000031948911   ~23                           ~24
                   ~25CVF 2020/0060 . 344944869  ~26
              ~27                           ~28
         ~29                           ~60     ~61              ~
:62F:C200211RON2000,00
:64:C200211RON2000,00
:86:NAME ACCOUNT OWNER: NEXTERP ROMANIA S.R.L.
ACCOUNT DESCRIPTION: CONT CURENT
IBAN NO: RO19INGB0000999904621843
