:20:6450374100
:25:RO56BRDE360SV52474653600
:28:00138/1
:60F:C160517RON1000,00
:61:1605170517C1000,00NTRFOPH478
PLATA FACT 4603309
:86:000+20Plata           +30302410000+31RO89RZBR0000060003480121
+32NEXTERP ROMANIA SRL+33/
+23PLATA FACT 4603309
:61:1605170517D2,00NCOMOPH478
25-Comision MULTIX
:86:000+20Comision
+2325-Comision MULTIX
:62F:C160517EUR1998,00
:64:C160517EUR1998,00
:86:Credit neutilizat la 17/05/2016: 0,00 \
Sume blocate la 17/05/2016: 0,00
